@online{LaTeX2009,
  Title                    = {The LaTeX project},
  Author                   = {LaTeX},
  Year                     = {2009},
  Timestamp                = {2013.12.29},
  Url                      = {http://www.latex-project.org},
  urldate            = {2021-10-31}
}

@online{madsen2021memoir,
  title={memoir—Typeset fiction, nonfiction and mathematical books},
  author={Madsen, L and Wilson, PR},
  year={2021},
  urldate = {2021-11-01}
}


@online{BibTeX2009,
  Title                    = {BibTeX.org},
  Author                   = {BibTeX},
  Year                     = {2009},
  Timestamp                = {2013.12.29},
  Url                      = {http://www.bibtex.org},
  urldate            = {2009-11-08}
}

@book{ibge1993,
	Address = {Rio de Janeiro},
	Author = {IBGE},
	Edition = {3},
	Organization = {http://biblioteca.ibge.gov.br/visualizacao/livros/liv23907.pdf},
	Publisher = {Centro de Documentação e Disseminação de Informações. Fundação Intituto Brasileiro de Geografia e Estatística},
	Title = {Normas de apresentação tabular},
	Year = {1993}}

@Book{Lamport1986,
  Title                    = {LaTeX: a document preparation system},
  Author                   = {Lamport, Leslie},
  Publisher                = {Addison-Wesley},
  Year                     = {1986},
  Address                  = {Boston}
}

@Book{Kopka2003,
  Title                    = {Guide to LaTeX},
  Author                   = {Kopka, Helmut and Daly, Patrick W.},
  Publisher                = {Addison-Wesley},
  Year                     = {2003},
  Address                  = {Boston},
  Edition                  = {4}
}

@Book{Mittelbach2004,
  Title                    = {The LaTeX companion},
  Author                   = {Mittelbach, Frank and Goossens, Michel and Braams, Johannes and Carlisle, David and Rowley, Chris},
  Publisher                = {Addison-Wesley},
  Year                     = {2004},
  Address                  = {Boston},
  Edition                  = {2}
}


@Book{Buerger1989,
  Title                    = {LaTeX for scientists and engineers},
  Author                   = {Buerger, David John},
  Publisher                = {McGraw-Hill},
  Year                     = {1989},
  Address                  = {Singapura}
}

@online{araujopacote,
    title={O pacote abntex2cite},
    author={Araujo, Lauro César},
    Year = {2018},
    Url                      = {http://tug.ctan.org/macros/latex/contrib/abntex2/doc/abntex2cite.pdf},
    urldate            = {2021-10-31}
}

@online{pdfpages,
    title={The pdfpages Package},
    author={Matthias, Andreas},
    Year = {2021},
    Url                      = {https://ctan.dcc.uchile.cl/macros/latex/contrib/pdfpages/pdfpages.pdf},
    urldate            = {2021-11-03}
}

@online{marquesbiblatex,
    title={biblatex-abnt 3.0.},
    author={Marques, Daniel B},
    Year = {2018},
    Url                      = {https://ctan.dcc.uchile.cl/macros/latex/contrib/biblatex-contrib/biblatex-abnt/doc/biblatex-abnt.pdf},
    urldate            = {2021-10-31}
}

@online{marquesexemplos,
    title={NBR 10520:2002 - Referência},
    author={Marques, Daniel B},
    Year = {2018},
    Url                      = {https://ctan.dcc.uchile.cl/macros/latex/contrib/biblatex-contrib/biblatex-abnt/tests/NBR10520-2002_reference.pdf},
    urldate            = {2021-10-31}
}

%----------
@Book{linked,
  Title                    = {Linked: The New Science of Networks},
  Author                   = {A. L. Barabasi},
  Publisher                = {Perseus Publishing},
  Year                     = {2002}
}

@Article{acmsurveys,
  Title                    = {Graph Mining: Laws, Generators, and Algorithms},
  Author                   = {Deepayan Chakrabarti and Christos Faloutsos},
  Journal                  = {ACM Computing Surveys},
  Year                     = {2006},
  Number                   = {1},
  Pages                    = {2-59},
  Volume                   = {38},
  Address                  = {New York, NY, USA},
  Publisher                = {ACM}
}

@InProceedings{3faloutsos,
  Title                    = {On Power-law Relationships of the Internet Topology},
  Author                   = {M. Faloutsos and P. Faloutsos and C. Faloutsos},
  Booktitle                = {Book Title},
  Year                     = {1999},
  Address                  = {New York, NY, USA},
  Pages                    = {251--262},
  Publisher                = {ACM Press},
  ISBN                     = {1-58113-135-6},
  Location                 = {Cambridge, Massachusetts, United States}
}

@online{lehman2006biblatex,
  title={The biblatex package},
  author={Lehman, Philipp and Wemheuer, Moritz and Kime, Philip},
  year={2020},
  Url = {https://ctan.dcc.uchile.cl/macros/latex/contrib/biblatex/doc/biblatex.pdf}
}

@online{JabRef2009,
  Title                    = {JabRef reference manager},
  Author                   = {JabRef},
  Year                     = {2009},
  Url                      = {http://jabref.sourceforge.net},
  urldate            = {2021-10-31}
}

@online{Zotero,
    Title                    = {Zotero Your personal
    research assistant},
    Subtitle = {Your personal research assistant},
    Author                   = {Zotero},
    Year                     = {2019},
    Url                      = {https://www.zotero.org/},
    urldate            = {2021-10-31}
}

@book{assis08:1,
    volume = {1},
    title = {Fortuna crítica/Romance},
    pagetotal = {1340},
    author = {Machado de Assis},
    maintitle = {Obra completa em quatro volumes},
    year = {2008},
    editor = {Aluizio Leite and
    Ana Lima Cecilio and Heloisa Jahn},
    editortype = {organizer},
    edition = {2},
    publisher = {Nova Fronteira},
    location = {Rio de Janeiro},
    series = {Biblioteca luso-brasileira.
    Série brasileira},
}






@electronic{WinNT,
	author = {Rubino, Daniel},
	editor = {{Windows Phone Central}},
	title = {IE9 for Windows Phone 7: Adobe Flash, demos and development},
	url = {http://www.wpcentral.com/ie9-windows-phone-7-adobe-flash-demos-and-development-videos},
	urldate = {14.01.2013},
	originalyear = {18.02.2011}
}

@Manual{ifrjtccs,
  Title                    = {Manual de Apresentação de Trabalhos Acadêmicos },
  Author                   = {IFRJ},
  Organization             = {Instituto Federal do Rio de Janeiro},
  Year                     = {2019},
  Url                      = {https://portal.ifrj.edu.br/sites/default/files/IFRJ/ConSup/Resolucoes2019/resolucao_completa_2_-resolucao_no_48_-_aprovar_o_manual_de_apresentacao_de_trabalhos_academicos-mesclado.pdf}
}

@Book{teste:2004,
  Title                    = {Testando a utilização de ``et al.''},
  Author                   = {Carlos Barbosa and Maria da Silva Cardoso and Tenitos da Silva and Carminda Soares},
  Publisher                = {Editora},
  Year                     = {2004},
  Address                  = {Cidade},
  Edition                  = {2},
  Page                     = {5}
}

@Article{belkin:1990,
  Title                    = {The cognitive viewpoint in information science},
  Author                   = {{Nicholas} J. Belkin},
  Journal                  = {JIS},
  Year                     = {1990},
  Pages                    = {11--15},
  Volume                   = {16}
}



@TechReport{artifice:2002,
  Title                    = {Arquitetura Flexível para a Criação de Agentes de Software Cognitivos e Situados},
  Author                   = {{Henrique} E. Borges},
  Institution              = {Centro Federal de Educação Tecnológica de Minas Gerais},
  Year                     = {2002},
  Address                  = {Belo Horizonte},
  Note                     = {Projeto de Pesquisa (Departamento de Ensino Superior)},
  Pages                    = {16},
  Subtitle                 = {teoria, metodologia e ferramentas}
}

@Article{brookes:1980a,
  Title                    = {The foundations of information science. {Part I}. {Phisolophical} aspects.},
  Author                   = {Bertram C. Brookes},
  Journal                  = {JIS},
  Year                     = {1980},
  Number                   = {3},
  Pages                    = {125-133},
  Volume                   = {2},
  Part                     = {1}
}

@Article{brookes:1980b,
  Title                    = {Teste},
  Author                   = {Bertram C. Brookes},
  Journal                  = {JIS},
  Year                     = {1980},
  Number                   = {3},
  Pages                    = {125-133},
  Volume                   = {2},
  Part                     = {1}
}


@Article{carvalho:2001,
  Title                    = {Inteligência competitiva numa visão de futuro},
  Author                   = {Cláudia Carvalho and José Fajardo and Joaquim Cruz},
  Journal                  = {DataGramaZero - Revista da Ciência da Informação},
  Year                     = {2001},
  Number                   = {3},
  Pages                    = {12--16},
  Volume                   = {2},
  Mounth                   = {junho},
  Subtitle                 = {proposta metodológica}
}



@online{CTAN2009,
  Title                    = {The comprehensive TeX archive network},
  Author                   = {CTAN},
  Year                     = {2009},
  Timestamp                = {2013.12.29},
  Url                      = {http://www.ctan.org},
  urldate            = {8 de novembro de 2009}
}

@Book{DAELN2006,
  Title                    = {Normas de apresenta\c{c}\~ao de trabalhos acadêmicos do {DAELN}},
  Author                   = {DAELN},
  Editor                   = {David, Denise Elizabeth Hey and Crocetti, Simone},
  Publisher                = {Departamento Acadêmico de Eletr\^onica da UTFPR},
  Year                     = {2006},
  Address                  = {Curitiba}
}



@InBook{vanGelder:1998c,
  Title                    = {Computers and computation in cognitive science},
  Author                   = {T. J. van Gelder},
  Editor                   = {M. T. Michalewicz},
  Pages                    = {109-126},
  Publisher                = {CSIRO Publishing},
  Year                     = {1998},
  Address                  = {Melbourne},
  Month                    = {March},
  Series                   = {Advances in Computational Life Sciences},
  Volume                   = {2: Humans to Proteins}
}

@Book{goldfather:1990,
  Title                    = {Fundamental questions},
  Author                   = {Puzo H. Goldfather},
  Publisher                = {Prentice-Hall},
  Year                     = {1990},
  Address                  = {New York},
  Pages                    = {178}
}

@book{Goossens2007,
  Title                    = {The LaTeX graphics companion},
  Author                   = {Goossens, Michel and Mittelbach, Frank and Rahtz, Sebastian and Roegel, Denis and Voss, Herbert},
  Publisher                = {Addison-Wesley},
  Year                     = {2007},
  Address                  = {Boston},
  pages = {792},
  Edition                  = {2}
}

@online{irl:06,
  Title                    = {Internet Research Laboratory},
  Author                   = {IRL},
  HowPublished             = {\url{http://irl.cs.ucla.edu/topology}},
  Note                     = {Acesso em março de 2007},
  Year                     = {2007},
  Key                      = {IRL}
}









@Book{maturana:2003,
  Title                    = {A Árvore do Conhecimento},
  Author                   = {Humberto R. Maturana and Francisco J. Varela},
  Publisher                = {Editora Palas Athena},
  Year                     = {2003},

  Address                  = {São Paulo},
  Edition                  = {3},

  Page                     = {283},
  Subtitle                 = {as bases biológicas da compreenão humana}
}

@online{Mendeley2009,
  Title                    = {Mendeley: academic software for research papers},

  Author                   = {Mendeley},
  Year                     = {2009},

  Timestamp                = {2013.12.29},
  Url                      = {http://www.mendeley.com},
  urldate            = {8 de novembro de 2009}
}

@online{MiKTeX2009,
  Title                    = {The MiKTeX project},
  Author                   = {MiKTeX},
  Year                     = {2009},
  Url                      = {http://www.miktex.org},
  urldate            = {8 de novembro de 2009}
}





@Book{morinmoigne:2000,
  Title                    = {A Inteligência da Complexidade},
  Author                   = {Edgar Morin and Jean-Louis {Le Moigne}},
  Publisher                = {Editora Petrópolis},
  Year                     = {2000},
  Address                  = {São Paulo},
  options = {skipbib=true}
}

@MastersThesis{mar00,
  Title                    = {Algoritmos Distribuídos para a Construção de Arquivos Invertidos},
  Author                   = {Marden Silveira Neubert},
  School                   = {Departamento de Ciência da Computação, Universidade Federal de Minas Gerais}
}

@InProceedings{rp99,
  Title                    = {Hash and Displace: Efficient Evaluation of Minimal Perfect Hash Functions},
  Author                   = {Rasmus Pagh},
  Booktitle                = {Workshop on Algorithms and Data Structures},
  Year                     = {1999},
  Pages                    = {49-54},

  Key                      = {author}
}

@MastersThesis{santos:2003,
  Title                    = {Aspectos conceituais e arquiteturais para a criação de linhagens de agentes de software cognitivos e situados},
  Author                   = {{Bruno} {André} Santos},
  School                   = {Centro Federal de Educação Tecnolóogica de Minas Gerais},
  Year                     = {2003},

  Address                  = {Belo Horizonte},
  Month                    = {Junho},

  Key                      = {Agentes inteligentes,Inteligência artificial,Cognição situada}
}

@InProceedings{SoaresBGO10,
  Title                    = {Emergence of Neuronal Groups on a Self-Organized Spiking Neurons Network Based on Genetic Algorithm.},
  Author                   = {Soares, Gabriela E. and Borges, Henrique E. and Gomes, Rogério M. and Oliveira, Geraldo Magela Couto},
  Booktitle                = {SBRN},
  Year                     = {2010},
  Editor                   = {Ludermir, Teresa Bernarda and Figueiredo, Karla and Thomaz, Carlos E.},
  Pages                    = {43-48},
  Publisher                = {IEEE},

  Added-at                 = {2012-03-22T00:00:00.000+0100},
  Biburl                   = {http://www.bibsonomy.org/bibtex/2560229187cddd00b690e87c24ab9946a/dblp},
  Ee                       = {http://doi.ieeecomputersociety.org/10.1109/SBRN.2010.16},
  Interhash                = {87f57cc28d24fbdc69927bc19af6b6db},
  Intrahash                = {560229187cddd00b690e87c24ab9946a},
  ISBN                     = {978-1-4244-8391-4},
  Keywords                 = {dblp},
  Timestamp                = {2012-03-22T00:00:00.000+0100},
  Url                      = {http://dblp.uni-trier.de/db/conf/sbrn/sbrn2010.html#SoaresBGO10}
}


@online{TeX-Br2009,
  Title                    = {Comunidade TeX-Br},
  Author                   = {TeX-BR},
  Year                     = {2009},
  Timestamp                = {2013.12.29},
  Url                      = {http://www.tex-br.org/index.php},
  urldate            = {8 de novembro de 2009}
}

@online{TeXnicCenter2009,
  Title                    = {TeX nicCenter: the center of your LaTeX universe},
  Author                   = {TeXnicCenter},
  Year                     = {2009},
  Timestamp                = {2013.12.29},
  Url                      = {http://www.texniccenter.org},
  urldate            = {8 de novembro de 2009}
}

@online{Wikibooks2009,
  Title                    = {LaTeX},
  Author                   = {Wikibooks},
  Year                     = {2009},
  Timestamp                = {2013.12.29},
  Url                      = {http://en.wikibooks.org/wiki/LaTeX},
  urldate            = {8 de novembro de 2009}
}

@inbook{garcia,
author = {Garcia, Guilherme D},
organization={{Pós-Graduando}},
title={Como fazer tabelas em LaTeX},
url={https://posgraduando.com/como-fazer-tabelas-em-latex/},
urldate={2020-02-07},
year={2014}
}


@inbook{diana,
author = {Diana, Daniela},
organization={{Diferença}},
title={Tabelas, quadros e figuras},
url={https://www.diferenca.com/tabelas-quadros-e-figuras/},
urldate={2020-02-07},
year={2019}
}



@book{ibge1993,
	Address = {Rio de Janeiro},
	Author = {IBGE},
	Date-Added = {2013-08-21 13:48:18 +0000},
	Date-Modified = {2013-08-21 13:55:50 +0000},
	Edition = {3},
	Organization = {http://biblioteca.ibge.gov.br/visualizacao/livros/liv23907.pdf},
	Publisher = {Centro de Documenta{\c c}{\~a}o e Dissemina{\c c}{\~a}o de Informa{\c c}{\~o}es. Funda{\c c}{\~a}o Intituto Brasileiro de Geografia e Estatística},
	Title = {Normas de apresenta{\c c}{\~a}o tabular},
	Urlaccessdate = {21 ago 2013},
	Year = {1993}}

@manual{abntex2modelo-livro,
	Annote = {Este documento é derivado do \cite{abnt-bibtex-doc}},
	Author = {Youssef Cherem},
	Date-Added = {2013-08-20 11:04:36 +0000},
	Date-Modified = {2015-04-27 22:41:44 +0000},
	Organization = {Equipe abnTeX2},
	Title = {Modelo de Livro produzido com abnTeX2},
	Url = {http://www.abntex.net.br/},
	Year = {2015},
	Bdsk-Url-1 = {http://www.abntex.net.br/}}

@manual{NBR14724:2011,
	Address = {Rio de Janeiro},
	Date-Added = {2013-03-18 14:19:32 +0000},
	Date-Modified = {2013-03-18 14:20:15 +0000},
	Month = mar,
	Org-Short = {ABNT},
	Organization = {Associação Brasileira de Normas Técnicas},
	Pages = 15,
	Subtitle = {Informação e documentação --- Trabalhos acadêmicos --- Apresentação},
	Title = {{ABNT NBR} 14724:2011},
	Year = 2011}

@manual{NBR6024:2012,
	Address = {Rio de Janeiro},
	Date-Added = {2013-03-18 13:32:00 +0000},
	Date-Modified = {2013-03-18 13:33:17 +0000},
	Month = feb,
	Org-Short = {ABNT},
	Organization = {Associação Brasileira de Normas Técnicas},
	Pages = 4,
	Subtitle = {Informação e Documentação - Numeração progressiva das seções de um documento - Apresentação},
	Title = {{ABNT NBR} 6024: 2012},
	Year = 2012}

@manual{abntex2modelo-glossario,
	Author = {Lauro César Araujo},
	Date-Added = {2013-03-11 13:38:46 +0000},
	Date-Modified = {2015-04-27 22:42:02 +0000},
	Organization = {Equipe abnteX2},
	Title = {Exemplo de uso de gloss{\'a}rio com abnTeX2},
	Url = {http://www.abntex.net.br/},
	Year = {2015},
	Bdsk-Url-1 = {http://www.abntex.net.br/}}

@manual{babel,
	Author = {Johannes Braams},
	Date-Added = {2013-02-17 14:07:33 +0000},
	Date-Modified = {2013-02-17 14:07:33 +0000},
	Month = {April},
	Title = {Babel, a multilingual package for use with LATEX's standard document classes},
	Url = {http://mirrors.ctan.org/info/babel/babel.pdf},
	Urlaccessdate = {17.2.2013},
	Year = {2008},
	Bdsk-Url-1 = {http://mirrors.ctan.org/info/babel/babel.pdf}}

@manual{oberdiek2011,
	Author = {Heiko Oberdiek},
	Date-Added = {2013-02-03 23:17:19 +0000},
	Date-Modified = {2013-02-03 23:18:01 +0000},
	Month = {dez},
	Title = {The bookmark package},
	Url = {https://www.ctan.org/pkg/bookmark},
	Urlaccessdate = {27.2.2015},
	Year = {2011}}

@manual{enumitem,
	Author = {Javier Bezos},
	Date-Added = {2013-01-22 10:24:05 +0000},
	Date-Modified = {2013-01-22 10:31:21 +0000},
	Month = {9},
	Organization = {CTAN},
	Title = {Customizing lists with the enumitem package},
	Url = {http://linorg.usp.br/CTAN/macros/latex/contrib/enumitem/enumitem.pdf},
	Urlaccessdate = {22.1.2013},
	Year = {2011},
	Bdsk-Url-1 = {http://linorg.usp.br/CTAN/macros/latex/contrib/enumitem/enumitem.pdf}}

@manual{abntex2modelo-projeto-pesquisa,
	Annote = {Este documento é derivado do \cite{abnt-bibtex-doc}},
	Author = {Lauro César Araujo},
	Date-Added = {2013-01-19 09:55:40 +0000},
	Date-Modified = {2015-04-27 22:41:54 +0000},
	Organization = {Equipe abnTeX2},
	Title = {Modelo Canônico de Projeto de pesquisa com abnTeX2},
	Url = {http://www.abntex.net.br/},
	Year = {2015},
	Bdsk-Url-1 = {http://www.abntex.net.br/}}

@manual{abntex2modelo-artigo,
	Annote = {Este documento é derivado do \cite{abnt-bibtex-doc}},
	Author = {Lauro César Araujo},
	Date-Added = {2013-01-15 00:08:47 +0000},
	Date-Modified = {2015-04-27 22:41:58 +0000},
	Organization = {Equipe abnTeX2},
	Title = {Modelo Canônico de Artigo científico com abnTeX2},
	Url = {http://www.abntex.net.br/},
	Year = {2015},
	Bdsk-Url-1 = {http://www.abntex.net.br/}}

@manual{abntex2modelo-relatorio,
	Annote = {Este documento é derivado do \cite{abnt-bibtex-doc}},
	Author = {Lauro César Araujo},
	Date-Added = {2013-01-15 00:06:21 +0000},
	Date-Modified = {2015-04-27 22:41:51 +0000},
	Organization = {Equipe abnTeX2},
	Title = {Modelo Canônico de Relat{\'o}rio Técnico e/ou Científico com abnTeX2},
	Url = {http://www.abntex.net.br/},
	Year = {2015},
	Bdsk-Url-1 = {http://www.abntex.net.br/}}

@manual{DOI,
	Address = {Oxford},
	Date-Added = {2012-12-20 12:30:58 +0000},
	Date-Modified = {2012-12-20 12:30:58 +0000},
	Month = feb,
	Org-Short = {IDF},
	Organization = {International DOI Foundation},
	Title = {The {DOI} handbook},
	Url = {doi:10.1000/182},
	Year = 2003,
	Bdsk-Url-1 = {doi:10.1000/182}}

@manual{ISO4:1997,
	Date-Added = {2012-12-20 12:30:58 +0000},
	Date-Modified = {2012-12-20 12:30:58 +0000},
	Org-Short = {ISO},
	Organization = {International Standards Organization},
	Subtitle = {Information and documentation --- Rules for the abbreviation of title words and titles of publications},
	Title = {{ISO} 4:1997},
	Year = 1997}

@manual{ISO214:1976,
	Date-Added = {2012-12-20 12:30:58 +0000},
	Date-Modified = {2012-12-20 12:30:58 +0000},
	Org-Short = {ISO},
	Organization = {International Standards Organization},
	Subtitle = {Documentation --- Abstracts for publications and documentation},
	Title = {{ISO} 214:1976},
	Year = 1976}

@manual{ISO215:1986,
	Date-Added = {2012-12-20 12:30:58 +0000},
	Date-Modified = {2012-12-20 12:30:58 +0000},
	Org-Short = {ISO},
	Organization = {International Standards Organization},
	Subtitle = {Documentation --- Presentation of contributions to periodicals and other serials},
	Title = {{ISO} 215:1986},
	Year = 1986}

@manual{ISO639-1:2002,
	Date-Added = {2012-12-20 12:30:58 +0000},
	Date-Modified = {2012-12-20 12:30:58 +0000},
	Org-Short = {ISO},
	Organization = {International Standards Organization},
	Subtitle = {Codes for the representation of names of languages --- Part 1: Alpha-2 code},
	Title = {{ISO} 639-1:2002},
	Year = 2002}

@manual{ISO639-2:1998,
	Date-Added = {2012-12-20 12:30:58 +0000},
	Date-Modified = {2012-12-20 12:30:58 +0000},
	Org-Short = {ISO},
	Organization = {International Standards Organization},
	Subtitle = {Codes for the representation of names of languages -- Part 2: Alpha-3 code},
	Title = {{ISO} 639-2:1998},
	Year = 1998}

@manual{ISO690-2:1997,
	Date-Added = {2012-12-20 12:30:58 +0000},
	Date-Modified = {2012-12-20 12:30:58 +0000},
	Org-Short = {ISO},
	Organization = {International Standards Organization},
	Subtitle = {Information and documentation --- Bibliographic references Part 2: Electronic documents or parts thereof},
	Title = {{ISO} 690-2},
	Url = {http://www.nlc-bnc.ca/iso/tc46sc9/standard/690-2e.htm},
	Urlaccessdate = {31 mar. 2003},
	Year = 1997,
	Bdsk-Url-1 = {http://www.nlc-bnc.ca/iso/tc46sc9/standard/690-2e.htm}}

@manual{ISO690:1987,
	Date-Added = {2012-12-20 12:30:58 +0000},
	Date-Modified = {2012-12-20 12:30:58 +0000},
	Org-Short = {ISO},
	Organization = {International Standards Organization},
	Subtitle = {Information and documentation --- Bibliographic references --- Content, form and structure},
	Title = {{ISO} 690:1987},
	Url = {http://www.nlc-bnc.ca/iso/tc46sc9/standard/690-1e.htm},
	Urlaccessdate = {31 mar. 2003},
	Year = 1987,
	Bdsk-Url-1 = {http://www.nlc-bnc.ca/iso/tc46sc9/standard/690-1e.htm}}

@manual{ISO832:1994,
	Date-Added = {2012-12-20 12:30:58 +0000},
	Date-Modified = {2012-12-20 12:30:58 +0000},
	Org-Short = {ISO},
	Organization = {International Standards Organization},
	Subtitle = {Information and documentation --- Bibliographic description and references --- Rules for the abbreviation of bibliographic terms},
	Title = {{ISO} 832:1994},
	Url = {http://www.nlc-bnc.ca/iso/tc46sc9/standard/832e.htm},
	Urlaccessdate = {31 mar. 2003},
	Year = 1994,
	Bdsk-Url-1 = {http://www.nlc-bnc.ca/iso/tc46sc9/standard/832e.htm}}

@manual{ISO999:1996,
	Date-Added = {2012-12-20 12:30:58 +0000},
	Date-Modified = {2012-12-20 12:30:58 +0000},
	Org-Short = {ISO},
	Organization = {International Standards Organization},
	Subtitle = {Information and documentation --- Guidelines for the content, organization and presentation of indexes},
	Title = {{ISO} 999:1996},
	Url = {http://www.nlc-bnc.ca/iso/tc46sc9/standard/999e.htm},
	Urlaccessdate = {31 mar. 2003},
	Year = 1996,
	Bdsk-Url-1 = {http://www.nlc-bnc.ca/iso/tc46sc9/standard/999e.htm}}

@manual{ISO2108:1992,
	Date-Added = {2012-12-20 12:30:58 +0000},
	Date-Modified = {2012-12-20 12:30:58 +0000},
	Org-Short = {ISO},
	Organization = {International Standards Organization},
	Subtitle = {Information and documentation --- International Standard Book Numbering ({ISBN})},
	Title = {{ISO} 2108:1992},
	Url = {http://www.nlc-bnc.ca/iso/tc46sc9/standard/2108e.htm},
	Urlaccessdate = {31 mar. 2003},
	Year = 1992,
	Bdsk-Url-1 = {http://www.nlc-bnc.ca/iso/tc46sc9/standard/2108e.htm}}

@manual{ISO2788:1986,
	Date-Added = {2012-12-20 12:30:58 +0000},
	Date-Modified = {2012-12-20 12:30:58 +0000},
	Org-Short = {ISO},
	Organization = {International Standards Organization},
	Subtitle = {Documentation --- Guidelines for the establishment and development of monolingual thesauri},
	Title = {{ISO} 2788:1986},
	Year = 1986}

@manual{ISO3297:1998,
	Date-Added = {2012-12-20 12:30:58 +0000},
	Date-Modified = {2012-12-20 12:30:58 +0000},
	Org-Short = {ISO},
	Organization = {International Standards Organization},
	Subtitle = {Information and documentation --- International standard serial number ({ISSN})},
	Title = {{ISO} 3297:1998},
	Year = 1998}

@manual{ISO3901:2001,
	Date-Added = {2012-12-20 12:30:58 +0000},
	Date-Modified = {2012-12-20 12:30:58 +0000},
	Org-Short = {ISO},
	Organization = {International Standards Organization},
	Subtitle = {Information and documentation --- International Standard Recording Code ({ISRC})},
	Title = {{ISO} 3901:2001},
	Year = 2001}

@manual{ISO5122:1979,
	Date-Added = {2012-12-20 12:30:58 +0000},
	Date-Modified = {2012-12-20 12:30:58 +0000},
	Org-Short = {ISO},
	Organization = {International Standards Organization},
	Subtitle = {Documentation --- Abstract sheets in serial publications},
	Title = {{ISO} 5122:1979},
	Year = 1979}

@manual{ISO5123:1984,
	Date-Added = {2012-12-20 12:30:58 +0000},
	Date-Modified = {2012-12-20 12:30:58 +0000},
	Org-Short = {ISO},
	Organization = {International Standards Organization},
	Subtitle = {Documentation --- Headers for microfiche of monographs and serials},
	Title = {{ISO} 5123:1984},
	Year = 1984}

@manual{ISO5963:1985,
	Date-Added = {2012-12-20 12:30:58 +0000},
	Date-Modified = {2012-12-20 12:30:58 +0000},
	Org-Short = {ISO},
	Organization = {International Standards Organization},
	Subtitle = {Documentation --- Methods for examining documents, determining their subjects, and selecting indexing terms},
	Title = {{ISO} 5963:1985},
	Year = 1985}

@manual{ISO5964:1985,
	Date-Added = {2012-12-20 12:30:58 +0000},
	Date-Modified = {2012-12-20 12:30:58 +0000},
	Org-Short = {ISO},
	Organization = {International Standards Organization},
	Subtitle = {Documentation --- Guidelines for the establishment and development of multilingual thesauri},
	Title = {{ISO} 5964:1985},
	Year = 1985}

@manual{ISO7154:1983,
	Date-Added = {2012-12-20 12:30:58 +0000},
	Date-Modified = {2012-12-20 12:30:58 +0000},
	Org-Short = {ISO},
	Organization = {International Standards Organization},
	Subtitle = {Documentation --- Bibliographic filing principles},
	Title = {{ISO} 7154:1983},
	Year = 1983}

@manual{ISO7220:1996,
	Date-Added = {2012-12-20 12:30:58 +0000},
	Date-Modified = {2012-12-20 12:30:58 +0000},
	Org-Short = {ISO},
	Organization = {International Standards Organization},
	Subtitle = {Information and documentation --- Presentation of catalogues of standards},
	Title = {{ISO} 7220:1996},
	Year = 1996}

@manual{ISO10324:1997,
	Date-Added = {2012-12-20 12:30:58 +0000},
	Date-Modified = {2012-12-20 12:30:58 +0000},
	Org-Short = {ISO},
	Organization = {International Standards Organization},
	Subtitle = {Information and documentation --- Holdings statements --- Summary level},
	Title = {{ISO} 10324:1997},
	Year = 1997}

@manual{ISO10444:1994,
	Date-Added = {2012-12-20 12:30:58 +0000},
	Date-Modified = {2012-12-20 12:30:58 +0000},
	Org-Short = {ISO},
	Organization = {International Standards Organization},
	Subtitle = {Information and documentation --- International standard technical report number ({ISRN})},
	Title = {{ISO} 10444:1994},
	Year = 1994}

@manual{ISO10957:1993,
	Date-Added = {2012-12-20 12:30:58 +0000},
	Date-Modified = {2012-12-20 12:30:58 +0000},
	Org-Short = {ISO},
	Organization = {International Standards Organization},
	Subtitle = {Information and documentation --- International standard music number ({ISMN})},
	Title = {{ISO} 10957:1993},
	Url = {http://www.nlc-bnc.ca/iso/tc46sc9/standard/10957e.htm},
	Urlaccessdate = {24 abr. 2003},
	Year = 1993,
	Bdsk-Url-1 = {http://www.nlc-bnc.ca/iso/tc46sc9/standard/10957e.htm}}

@manual{ISO11108:1996,
	Date-Added = {2012-12-20 12:30:58 +0000},
	Date-Modified = {2012-12-20 12:30:58 +0000},
	Org-Short = {ISO},
	Organization = {International Standards Organization},
	Subtitle = {Information and documentation --- Archival paper --- Requirements for permanence and durability},
	Title = {{ISO} 11108:1996},
	Year = 1996}

@manual{ISO11798:1999,
	Date-Added = {2012-12-20 12:30:58 +0000},
	Date-Modified = {2012-12-20 12:30:58 +0000},
	Org-Short = {ISO},
	Organization = {International Standards Organization},
	Subtitle = {Information and documentation --- Permanence and durability of writing, printing and copying on paper --- Requirements and test methods},
	Title = {{ISO} 11798:1999},
	Year = 1999}

@manual{ISO15706:2002,
	Date-Added = {2012-12-20 12:30:58 +0000},
	Date-Modified = {2012-12-20 12:30:58 +0000},
	Org-Short = {ISO},
	Organization = {International Standards Organization},
	Subtitle = {Information and documentation --- International Standard Audiovisual Number ({ISAN})},
	Title = {{ISO} 15706:2002},
	Url = {http://www.nlc-bnc.ca/iso/tc46sc9/standard/15706e.htm},
	Urlaccessdate = {24 abr. 2003},
	Year = 2002,
	Bdsk-Url-1 = {http://www.nlc-bnc.ca/iso/tc46sc9/standard/15706e.htm}}

@manual{ISO15707:2001,
	Date-Added = {2012-12-20 12:30:58 +0000},
	Date-Modified = {2012-12-20 12:30:58 +0000},
	Org-Short = {ISO},
	Organization = {International Standards Organization},
	Subtitle = {Information and documentation --- International Standard Musical Work Code ({ISWC})},
	Title = {{ISO} 15707:2001},
	Url = {http://www.nlc-bnc.ca/iso/tc46sc9/15707.htm},
	Urlaccessdate = {24 abr. 2003},
	Year = 2001,
	Bdsk-Url-1 = {http://www.nlc-bnc.ca/iso/tc46sc9/15707.htm}}

@manual{NBR6021:1994,
	Address = {Rio de Janeiro},
	Date-Added = {2012-12-20 12:30:58 +0000},
	Date-Modified = {2012-12-20 12:30:58 +0000},
	Month = oct,
	Org-Short = {ABNT},
	Organization = {Associação Brasileira de Normas Técnicas},
	Pages = 3,
	Subtitle = {Apresentação de peri\'odicos},
	Title = {{NBR} 6021},
	Year = 1994}

@manual{NBR6022:1994,
	Address = {Rio de Janeiro},
	Date-Added = {2012-12-20 12:30:58 +0000},
	Date-Modified = {2012-12-20 12:30:58 +0000},
	Month = aug,
	Org-Short = {ABNT},
	Organization = {Associação Brasileira de Normas Técnicas},
	Pages = 2,
	Subtitle = {Apresentação de artigos em publicações peri\'odicos},
	Title = {{NBR} 6022},
	Year = 1994}

@manual{NBR6022:2018,
	Address = {Rio de Janeiro},
	Month = may,
	Org-Short = {ABNT},
	Organization = {Associação Brasileira de Normas Técnicas},
	Pages = 2,
	Subtitle = {Informação e documentação -- Artigo em publicação peri\'odica técnica e/ou cient\'ifica -- Apresentação},
	Title = {{NBR} 6022},
	Year = 2018}

@manual{NBR6023:2000,
	Address = {Rio de Janeiro},
	Date-Added = {2012-12-20 12:30:58 +0000},
	Date-Modified = {2012-12-20 12:30:58 +0000},
	Month = aug,
	Org-Short = {ABNT},
	Organization = {Associação Brasileira de Normas Técnicas},
	Pages = 22,
	Subtitle = {Informação e documentação --- Referências --- Elaboração},
	Title = {{NBR} 6023},
	Year = 2000}

@manual{NBR6023:2002,
	Address = {Rio de Janeiro},
	Date-Added = {2012-12-20 12:30:58 +0000},
	Date-Modified = {2012-12-20 12:30:58 +0000},
	Month = aug,
	Note = {Substitui a Ref.~\citeonline{NBR6023:2000}},
	Org-Short = {ABNT},
	Organization = {Associação Brasileira de Normas Técnicas},
	Pages = 24,
	Subtitle = {Informação e documentação --- Referências --- Elaboração},
	Title = {{NBR} 6023},
	Year = 2002}

@manual{NBR6024:1989,
	Address = {Rio de Janeiro},
	Date-Added = {2012-12-20 12:30:58 +0000},
	Date-Modified = {2012-12-20 12:30:58 +0000},
	Month = aug,
	Org-Short = {ABNT},
	Organization = {Associação Brasileira de Normas Técnicas},
	Pages = 2,
	Subtitle = {Numeração progressiva das seções de um documento},
	Title = {{NBR} 6024},
	Year = 1989}

@manual{NBR6025:2002,
	Address = {Rio de Janeiro},
	Date-Added = {2012-12-20 12:30:58 +0000},
	Date-Modified = {2012-12-20 12:30:58 +0000},
	Month = set,
	Org-Short = {ABNT},
	Organization = {Associação Brasileira de Normas Técnicas},
	Pages = 6,
	Subtitle = {Informação e documentação --- Revis\~ao de originais e provas},
	Title = {{NBR} 6025},
	Year = 1989}

@manual{NBR6026:1994,
	Address = {Rio de Janeiro},
	Date-Added = {2012-12-20 12:30:58 +0000},
	Date-Modified = {2012-12-20 12:30:58 +0000},
	Month = mar,
	Org-Short = {ABNT},
	Organization = {Associação Brasileira de Normas Técnicas},
	Pages = 2,
	Subtitle = {Legenda bibliogr\'afica},
	Title = {{NBR} 6026},
	Year = 1994}

@manual{NBR6027:1989,
	Address = {Rio de Janeiro},
	Date-Added = {2012-12-20 12:30:58 +0000},
	Date-Modified = {2012-12-20 12:30:58 +0000},
	Month = aug,
	Org-Short = {ABNT},
	Organization = {Associação Brasileira de Normas Técnicas},
	Pages = 2,
	Subtitle = {Sum\'ario},
	Title = {{NBR} 6027},
	Year = 1989}

@manual{NBR6028:1980,
	Address = {Rio de Janeiro},
	Date-Added = {2012-12-20 12:30:58 +0000},
	Date-Modified = {2012-12-20 12:30:58 +0000},
	Org-Short = {ABNT},
	Organization = {Associação Brasileira de Normas Técnicas},
	Subtitle = {Resumos},
	Title = {{NBR} 6028},
	Year = 1980}

@manual{NBR6028:1990,
	Address = {Rio de Janeiro},
	Date-Added = {2012-12-20 12:30:58 +0000},
	Date-Modified = {2012-12-20 12:30:58 +0000},
	Month = may,
	Org-Short = {ABNT},
	Organization = {Associação Brasileira de Normas Técnicas},
	Pages = 3,
	Subtitle = {Resumos},
	Title = {{NBR} 6028},
	Year = 1990}

@manual{NBR6029:2002,
	Address = {Rio de Janeiro},
	Date-Added = {2012-12-20 12:30:58 +0000},
	Date-Modified = {2012-12-20 12:30:58 +0000},
	Month = sep,
	Org-Short = {ABNT},
	Organization = {Associação Brasileira de Normas Técnicas},
	Pages = 9,
	Subtitle = {Informação e documentação --- Livros e folhetos --- Apresentação},
	Title = {{NBR} 6029},
	Year = 2002}

@manual{NBR6032:1989,
	Address = {Rio de Janeiro},
	Date-Added = {2012-12-20 12:30:58 +0000},
	Date-Modified = {2012-12-20 12:30:58 +0000},
	Month = aug,
	Org-Short = {ABNT},
	Organization = {Associação Brasileira de Normas Técnicas},
	Pages = 14,
	Subtitle = {Abreviações de Títulos de peri\'odicos e publicações seriadas},
	Title = {{NBR} 6032},
	Year = 1989}

@manual{NBR6033:1989,
	Address = {Rio de Janeiro},
	Date-Added = {2012-12-20 12:30:58 +0000},
	Date-Modified = {2012-12-20 12:30:58 +0000},
	Month = aug,
	Org-Short = {ABNT},
	Organization = {Associação Brasileira de Normas Técnicas},
	Pages = 5,
	Subtitle = {Ordem alfabética},
	Title = {{NBR} 6033},
	Year = 1989}

@manual{NBR6034:1989,
	Address = {Rio de Janeiro},
	Date-Added = {2012-12-20 12:30:58 +0000},
	Date-Modified = {2012-12-20 12:30:58 +0000},
	Month = aug,
	Org-Short = {ABNT},
	Organization = {Associação Brasileira de Normas Técnicas},
	Pages = 3,
	Subtitle = {Prepara{\c c}{\~a}o de índice de publica{\c c}{\~o}es},
	Title = {{NBR} 6034},
	Year = 1989}

@manual{NBR10520:1988,
	Address = {Rio de Janeiro},
	Date-Added = {2012-12-20 12:30:58 +0000},
	Date-Modified = {2012-12-20 12:30:58 +0000},
	Month = oct,
	Org-Short = {ABNT},
	Organization = {Associação Brasileira de Normas Técnicas},
	Pages = 3,
	Subtitle = {Apresentação de citações em documentos --- Procedimentos},
	Title = {{NBR} 10520},
	Year = 1988}

@manual{NBR10520:2001,
	Address = {Rio de Janeiro},
	Date-Added = {2012-12-20 12:30:58 +0000},
	Date-Modified = {2012-12-20 12:30:58 +0000},
	Month = jul,
	Note = {Substitui a Ref.~\citeonline{NBR10520:1988}},
	Org-Short = {ABNT},
	Organization = {Associação Brasileira de Normas Técnicas},
	Pages = 4,
	Subtitle = {Informação e documentação --- Apresentação de citações em documentos},
	Title = {{NBR} 10520},
	Year = 2001}

@manual{NBR10520:2002,
	Address = {Rio de Janeiro},
	Date-Added = {2012-12-20 12:30:58 +0000},
	Date-Modified = {2012-12-20 12:30:58 +0000},
	Month = aug,
	Note = {Substitui a Ref.~\citeonline{NBR10520:2001}},
	Org-Short = {ABNT},
	Organization = {Associação Brasileira de Normas Técnicas},
	Pages = 7,
	Subtitle = {Informação e documentação --- Apresentação de citações em documentos},
	Title = {{NBR} 10520},
	Year = 2002}

@manual{NBR10522:1988,
	Address = {Rio de Janeiro},
	Date-Added = {2012-12-20 12:30:58 +0000},
	Date-Modified = {2012-12-20 12:30:58 +0000},
	Month = oct,
	Org-Short = {ABNT},
	Organization = {Associação Brasileira de Normas Técnicas},
	Pages = 9,
	Subtitle = {Abrevição na descrição bibliogr\'afica},
	Title = {{NBR} 10522},
	Year = 1988}

@manual{NBR10523:1988,
	Address = {Rio de Janeiro},
	Date-Added = {2012-12-20 12:30:58 +0000},
	Date-Modified = {2012-12-20 12:30:58 +0000},
	Month = oct,
	Org-Short = {ABNT},
	Organization = {Associação Brasileira de Normas Técnicas},
	Pages = 5,
	Subtitle = {Entrada para nomes de língua portuguesa em registros bibliogr\'aficos},
	Title = {{NBR} 10523},
	Year = 1988}

@manual{NBR10719:1989,
	Address = {Rio de Janeiro},
	Date-Added = {2012-12-20 12:30:58 +0000},
	Date-Modified = {2012-12-20 12:30:58 +0000},
	Month = aug,
	Org-Short = {ABNT},
	Organization = {Associação Brasileira de Normas Técnicas},
	Pages = 17,
	Title = {Apresentação de relat\'orios técnico-científicos},
	Year = 1989}

@manual{NBR12256:1992,
	Address = {Rio de Janeiro},
	Date-Added = {2012-12-20 12:30:58 +0000},
	Date-Modified = {2012-12-20 12:30:58 +0000},
	Month = apr,
	Org-Short = {ABNT},
	Organization = {Associação Brasileira de Normas Técnicas},
	Pages = 4,
	Title = {Apresentação de originais},
	Year = 1992}

@manual{NBR14724:2001,
	Address = {Rio de Janeiro},
	Date-Added = {2012-12-20 12:30:58 +0000},
	Date-Modified = {2012-12-20 12:30:58 +0000},
	Month = jul,
	Org-Short = {ABNT},
	Organization = {Associação Brasileira de Normas Técnicas},
	Pages = 6,
	Subtitle = {Informação e documentação --- trabalhos acadêmicos --- apresentação},
	Title = {{NBR} 14724},
	Year = 2001}

@manual{NBR14724:2002,
	Address = {Rio de Janeiro},
	Date-Added = {2012-12-20 12:30:58 +0000},
	Date-Modified = {2012-12-20 12:30:58 +0000},
	Month = aug,
	Note = {Substitui a Ref.~\citeonline{NBR14724:2001}},
	Org-Short = {ABNT},
	Organization = {Associação Brasileira de Normas Técnicas},
	Pages = 6,
	Subtitle = {Informação e documentação --- trabalhos acadêmicos --- apresentação},
	Title = {{NBR} 14724},
	Year = 2002}

@manual{memoir,
	Address = {Normandy Park, WA},
	Author = {Peter Wilson and Lars Madsen},
	Date-Added = {2012-12-20 01:04:36 +0000},
	Date-Modified = {2013-03-21 11:57:49 +0000},
	Organization = {The Herries Press},
	Title = {The Memoir Class for Configurable Typesetting - User Guide},
	Url = {http://mirrors.ctan.org/macros/latex/contrib/memoir/memman.pdf},
	Urlaccessdate = {19.12.2012},
	Year = {2010},
	Bdsk-Url-1 = {http://ctan.tche.br/macros/latex/contrib/memoir/memman.pdf}}

@manual{abntex2modelo,
	Annote = {Este documento é derivado do \cite{abnt-bibtex-doc}},
	Author = {Lauro César Araujo},
	Date-Added = {2012-12-20 00:53:31 +0000},
	Date-Modified = {2015-04-27 22:41:48 +0000},
	Organization = {Equipe abnTeX2},
	Title = {Modelo Canônico de Trabalho Acadêmico com abnTeX2},
	Url = {http://www.abntex.net.br/},
	Year = {2015},
	Bdsk-Url-1 = {http://www.abntex.net.br/}}

@manual{abntex2classe,
	Annote = {Este documento substitui o \cite{abnt-classe-doc}},
	Author = {Lauro César Araujo},
	Date-Added = {2012-12-19 13:08:40 +0000},
	Date-Modified = {2015-04-27 22:42:11 +0000},
	Organization = {Equipe abnTeX2},
	Title = {A classe abntex2: Modelo canônico de trabalhos acadêmicos brasileiros compatível com as normas ABNT NBR 14724:2011, ABNT NBR 6024:2012 e outras},
	Url = {http://www.abntex.net.br/},
	Year = {2015},
	Bdsk-Url-1 = {http://www.abntex.net.br/}}

@manual{abntex2cite-alf,
	Annote = {Este documento é derivado do \cite{abnt-bibtex-alf-doc}},
	Author = {Lauro César Araujo},
	Date-Added = {2012-12-19 13:08:00 +0000},
	Date-Modified = {2015-04-27 22:41:33 +0000},
	Organization = {Equipe abnTeX2},
	Title = {O pacote abntex2cite: t{\'o}picos específicos da ABNT NBR 10520:2002 e o estilo bibliogr{\'a}fico alfabético (sistema autor-data},
	Url = {http://www.abntex.net.br/},
	Year = {2015},
	Bdsk-Url-1 = {http://www.abntex.net.br/}}

@manual{abntex2cite,
	Annote = {Este documento é derivado do \cite{abnt-bibtex-doc}},
	Author = {Lauro César Araujo},
	Date-Added = {2012-12-19 13:06:14 +0000},
	Date-Modified = {2015-04-27 22:41:38 +0000},
	Organization = {Equipe abnTeX2},
	Title = {O pacote abntex2cite: Estilos bibliogr{\'a}ficos compatíveis com a ABNT NBR 6023},
	Url = {http://www.abntex.net.br/},
	Year = {2015},
	Bdsk-Url-1 = {http://www.abntex.net.br/}}
	
	
@manual{abnt-bibtex-doc,
	Author = {Gerald Weber},
	Organization = {Grupo abnTeX},
	Title = {Estilo bibtex compatível com a `norma' 6023/2000 da {ABNT}},
	Url = {http://abntex.codigolivre.org.br},
	Year = {2003},
	Bdsk-Url-1 = {http://abntex.codigolivre.org.br}}

@manual{abnt-bibtex-alf-doc,
	Author = {Gerald Weber},
	Organization = {Grupo abnTeX},
	Subtitle = {Quest\~oes específicas da `norma' 10520/2001},
	Title = {Estilo bibtex compatível com a `norma' 6023/2000 da {ABNT}},
	Url = {http://abntex.codigolivre.org.br},
	Year = {2003},
	Bdsk-Url-1 = {http://abntex.codigolivre.org.br}}

@manual{abnt-classe-doc,
	Author = {Santini Frasson, Miguel Vinícius},
	Date-Modified = {2013-02-04 12:04:50 +0000},
	Organization = {Grupo abnTeX},
	Subtitle = {confec{\c c}{\~a}o de trabalhos acadêmicos em {\LaTeX} segundo as normas {ABNT}},
	Title = {Classe {ABNT}},
	Url = {http://abntex.codigolivre.org.br},
	Year = {2002},
	Bdsk-Url-1 = {http://abntex.codigolivre.org.br}}

@manual{tabela-simbolos-doc,
	Author = {Gerald Weber},
	Organization = {Grupo abnTeX},
	Title = {Tabelas de símbolos usando makeindex},
	Url = {http://abntex.codigolivre.org.br},
	Year = {2003},
	Bdsk-Url-1 = {http://abntex.codigolivre.org.br}}

@manual{biblatex-abnt,
	Author = {Daniel Ballester Marques},
	Date-Added = {2018-06-12 08:42:14 +0000},
	Date-Modified = {2018-06-12 08:42:38 +0000},
	Organization = {Equipe abnTeX},
	Title = {biblatex-abnt},
	Url = {http://www.abntex.net.br/},
	Year = {2018},
	Bdsk-Url-1 = {http://mirrors.ctan.org/macros/latex/contrib/biblatex-contrib/biblatex-abnt/doc/biblatex-abnt.pdf}}